<record><leader>00000cas a2200000 a 4500</leader><controlfield tag="001">27341171</controlfield><controlfield tag="008">930128d19081919caudn ne      0    0eng c</controlfield><datafield ind1=" " ind2=" " tag="010"><subfield code="a">sn 92069560 </subfield></datafield><datafield ind1=" " ind2=" " tag="040"><subfield code="a">CUY</subfield><subfield code="b">eng</subfield><subfield code="c">CNK</subfield><subfield code="d">NVF</subfield><subfield code="d">CNK</subfield><subfield code="d">CRU</subfield><subfield code="d">OCLCQ</subfield><subfield code="d">OCLCF</subfield><subfield code="d">OCLCO</subfield></datafield><datafield ind1="1" ind2=" " tag="029"><subfield code="a">AU@</subfield><subfield code="b">000020713631</subfield></datafield><datafield ind1=" " ind2=" " tag="042"><subfield code="a">pcc</subfield></datafield><datafield ind1=" " ind2=" " tag="043"><subfield code="a">n-us-ca</subfield></datafield><datafield ind1="1" ind2="4" tag="050"><subfield code="a">AP2</subfield><subfield code="b">.D253</subfield></datafield><datafield ind1="0" ind2=" " tag="130"><subfield code="a">Marysville evening Democrat (Marysville, Calif. : 1908)</subfield></datafield><datafield ind1="1" ind2="0" tag="245"><subfield code="a">Marysville evening Democrat.</subfield></datafield><datafield ind1=" " ind2=" " tag="260"><subfield code="a">Marysville, Calif. :</subfield><subfield code="b">Democrat Pub. Co.,</subfield><subfield code="c">1908-1919.</subfield></datafield><datafield ind1=" " ind2=" " tag="300"><subfield code="a">v.</subfield></datafield><datafield ind1=" " ind2=" " tag="310"><subfield code="a">Daily (except Sunday)</subfield></datafield><datafield ind1="0" ind2=" " tag="362"><subfield code="a">Vol. 47, no. 106 (Nov. 3, 1908)-v. 63, no. 60 (Mar. 12, 1919).</subfield></datafield><datafield ind1=" " ind2=" " tag="530"><subfield code="a">Master negatives are available for duplication from:</subfield><subfield code="b">California Newspaper Microfilm Archive;</subfield><subfield code="c">positive copies may be purchased by the reel; for further information consult the CNMA at:</subfield><subfield code="u">http://cbsr.ucr.edu</subfield></datafield><datafield ind1=" " ind2="0" tag="651"><subfield code="a">Marysville (Calif.)</subfield><subfield code="v">Newspapers.</subfield></datafield><datafield ind1=" " ind2="7" tag="655"><subfield code="a">Newspapers.</subfield><subfield code="2">fast</subfield><subfield code="0">(OCoLC)fst01423814</subfield></datafield><datafield ind1=" " ind2="7" tag="651"><subfield code="a">California</subfield><subfield code="z">Marysville.</subfield><subfield code="2">fast</subfield><subfield code="0">(OCoLC)fst01215506</subfield></datafield><datafield ind1=" " ind2=" " tag="752"><subfield code="a">United States</subfield><subfield code="b">California</subfield><subfield code="c">Yuba</subfield><subfield code="d">Marysville.</subfield></datafield><datafield ind1="0" ind2="0" tag="780"><subfield code="t">Evening Democrat (Marysville, Calif.)</subfield><subfield code="w">(DLC)sn 93053026</subfield></datafield><datafield ind1="0" ind2="0" tag="785"><subfield code="t">Marysville Democrat</subfield><subfield code="w">(DLC)sn 93053027</subfield></datafield></record>